@book{spencer09,
  author    = {D. Spencer},
  title     = {Card Sorting: Designing Usable Categories},
  publisher = {Rosenfeld Media},
  year      = {2009}
}

@inproceedings{AllamanisBBS15,
  author    = {Miltiadis Allamanis and
               Earl T. Barr and
               Christian Bird and
               Charles A. Sutton},
  title     = {Suggesting accurate method and class names},
  booktitle = {Proceedings of the 2015 10th Joint Meeting on Foundations of Software
               Engineering, {ESEC/FSE} 2015, Bergamo, Italy, August 30 - September
               4, 2015},
  pages     = {38--49},
  year      = {2015}
}

@inproceedings{fazzini2019automated,
  title={Automated {API}-usage update for {Android} apps},
  author={Fazzini, Mattia and Xin, Qi and Orso, Alessandro},
  booktitle={ISSTA},
  pages={204--215},
  year={2019},
  organization={ACM}
}

@article{bavota2014impact,
  title={The impact of {API} change-and fault-proneness on the user ratings of {Android} apps},
  author={Bavota, Gabriele and Linares-Vasquez, Mario and Bernal-Cardenas, Carlos Eduardo and Di Penta, Massimiliano and Oliveto, Rocco and Poshyvanyk, Denys},
  journal={IEEE Transactions on Software Engineering},
  volume={41},
  number={4},
  pages={384--407},
  year={2014},
  publisher={IEEE}
}

@inproceedings{han2012understanding,
  title={Understanding {Android} fragmentation with topic analysis of vendor-specific bugs},
  author={Han, Dan and Zhang, Chenlei and Fan, Xiaochao and Hindle, Abram and Wong, Kenny and Stroulia, Eleni},
  booktitle={2012 19th Working Conference on Reverse Engineering},
  pages={83--92},
  year={2012},
  organization={IEEE}
}

@inproceedings{linares2013api,
  title={{API} change and fault proneness: a threat to the success of {Android} apps},
  author={Linares-V{\'a}squez, Mario and Bavota, Gabriele and Bernal-C{\'a}rdenas, Carlos and Di Penta, Massimiliano and Oliveto, Rocco and Poshyvanyk, Denys},
  booktitle={Proceedings of the 2013 9th joint meeting on foundations of software engineering},
  pages={477--487},
  year={2013},
  organization={ACM}
}

@inproceedings{mcdonnell2013empirical,
  title={An empirical study of {API} stability and adoption in the {Android} ecosystem},
  author={McDonnell, Tyler and Ray, Baishakhi and Kim, Miryung},
  booktitle={2013 IEEE International Conference on Software Maintenance},
  pages={70--79},
  year={2013},
  organization={IEEE}
}

@inproceedings{yang2018android,
  title={How do {Android} operating system updates impact apps?},
  author={Yang, Guowei and Jones, Jeffrey and Moninger, Austin and Che, Meiru},
  booktitle={Proceedings of the 5th International Conference on Mobile Software Engineering and Systems},
  pages={156--160},
  year={2018},
  organization={ACM}
}

@inproceedings{he2018understanding,
  title={Understanding and detecting evolution-induced compatibility issues in {Android} apps},
  author={He, Dongjie and Li, Lian and Wang, Lei and Zheng, Hengjie and Li, Guangwei and Xue, Jingling},
  booktitle={ASE},
  pages={167--177},
  year={2018},
  organization={ACM}
}

@inproceedings{li2018cid,
  title={Cid: Automating the detection of {API}-related compatibility issues in {Android} apps},
  author={Li, Li and Bissyand{\'e}, Tegawend{\'e} F and Wang, Haoyu and Klein, Jacques},
  booktitle={ISSTA},
  pages={153--163},
  year={2018},
  organization={ACM}
}

@article{lamothe2018a4,
  title={A4: Automatically Assisting {Android API} Migrations Using Code Examples},
  author={Lamothe, Maxime and Shang, Weiyi and Chen, Tse-Hsun},
  journal={arXiv preprint arXiv:1812.04894},
  year={2018}
}

@inproceedings{wu2010aura,
	title={Aura: a hybrid approach to identify framework evolution},
	author={Wu, Wei and Gu{\'e}h{\'e}neuc, Yann-Ga{\"e}l and Antoniol, Giuliano and Kim, Miryung},
	booktitle={ICSE},
	volume={1},
	pages={325--334},
	year={2010},
	organization={IEEE}
}

@article{dagenais2011recommending,
	title={Recommending adaptive changes for framework evolution},
	author={Dagenais, Barth{\'e}l{\'e}my and Robillard, Martin P},
	journal={ACM Transactions on Software Engineering and Methodology (TOSEM)},
	volume={20},
	number={4},
	pages={19},
	year={2011},
	publisher={ACM}
}

@inproceedings{meng2012history,
	title={A history-based matching approach to identification of framework evolution},
	author={Meng, Sichen and Wang, Xiaoyin and Zhang, Lu and Mei, Hong},
	booktitle={Proceedings of the 34th ICSE},
	pages={353--363},
	year={2012},
	organization={IEEE Press}
}

@inproceedings{yu2017api,
	title={{API} Usage Change Rules Mining based on Fine-grained Call Dependency Analysis},
	author={Yu, Ping and Yang, Fei and Cao, Chun and Hu, Hao and Ma, Xiaoxing},
	booktitle={Proceedings of the 9th Asia-Pacific Symposium on Internetware},
	pages={10},
	year={2017},
	organization={ACM}
}

@article{muller2006semantic,
	title={Semantic patches considered helpful},
	author={Muller, Gilles and Padioleau, Yoann and Lawall, Julia L and Hansen, Ren{\'e} Rydhof},
	journal={ACM SIGOPS Operating Systems Review},
	volume={40},
	number={3},
	pages={90--92},
	year={2006},
	publisher={ACM}
}

@article{padioleau2007smpl,
	title={SmPL: A domain-specific language for specifying collateral evolutions in Linux device drivers},
	author={Padioleau, Yoann and Lawall, Julia L and Muller, Gilles},
	journal={Electronic Notes in Theoretical Computer Science},
	volume={166},
	pages={47--62},
	year={2007},
	publisher={Elsevier}
}

@inproceedings{kang2019automating,
	title={Automating Program Transformation for {Java} Using Semantic Patches},
	author={Kang, Hong Jin and Thung, Ferdian and Lawall, Julia and Muller, Gilles and Jiang, Lingxiao and Lo, David},
	booktitle={European Conference on Object-Oriented Programming (ECOOP)},
	year={2019}
}

@inproceedings{lawall2018coccinelle,
  title={Coccinelle: 10 years of automated evolution in the Linux kernel},
  author={Lawall, Julia and Muller, Gilles},
  booktitle={USENIX Annual Technical Conference},
  pages={601--614},
  year={2018}
}

@inproceedings{brunel2009foundation,
  title={A foundation for flow-based program matching: using temporal logic and model checking},
  author={Brunel, Julien and Doligez, Damien and Hansen, Ren{\'e} Rydhof and Lawall, Julia L and Muller, Gilles},
  booktitle={Principles of Programming Languages (POPL)},
  pages={114--126},
  year={2009},
  organization={ACM}
}

@inproceedings{padioleau2008documenting,
  title={Documenting and automating collateral evolutions in {L}inux device drivers},
  author={Padioleau, Yoann and Lawall, Julia and Hansen, Ren{\'e} Rydhof and Muller, Gilles},
  booktitle={European Conference on Computer Systems (EuroSys)},
  pages={247--260},
  year={2008},
  organization={ACM}
}

@inproceedings{dabek2002event,
  title={Event-driven programming for robust software},
  author={Dabek, Frank and Zeldovich, Nickolai and Kaashoek, Frans and Mazi{\`e}res, David and Morris, Robert},
  booktitle={Proceedings of the 10th workshop on ACM SIGOPS European workshop},
  pages={186--189},
  year={2002},
  organization={ACM}
}

@inproceedings{li2018characterising,
	title={Characterising deprecated {Android} {APIs}},
	author={Li, Li and Gao, Jun and Bissyand{\'e}, Tegawend{\'e} F and Ma, Lei and Xia, Xin and Klein, Jacques},
	booktitle={Proceedings of the 15th International Conference on Mining Software Repositories (MSR)},
	pages={254--264},
	year={2018},
	organization={ACM}
}

@inproceedings{zhou2016api,
  title={{API} deprecation: a retrospective analysis and detection method for code examples on the web},
  author={Zhou, Jing and Walker, Robert J},
  booktitle={ICSE},
  pages={266--277},
  year={2016},
  organization={ACM}
}

@inproceedings{kapur2010refactoring,
 author = {Kapur, Puneet and Cossette, Brad and Walker, Robert J.},
 title = {Refactoring References for Library Migration},
 booktitle = {OOPSLA},
 year = {2010},
 pages = {726--738},
 numpages = {13},
 publisher = {ACM},
}

@inproceedings{raemaekers2014semantic,
  title={Semantic versioning versus breaking changes: A study of the maven repository},
  author={Raemaekers, Steven and Van Deursen, Arie and Visser, Joost},
  booktitle={International Working Conference on Source Code Analysis and Manipulation (SCAM)},
  pages={215--224},
  year={2014},
  organization={IEEE}
}

@inproceedings{brito2016developers,
  title={Do developers deprecate {APIs} with replacement messages? A large-scale analysis on {Java} systems},
  author={Brito, Gleison and Hora, Andre and Valente, Marco Tulio and Robbes, Romain},
  booktitle={SANER},
  volume={1},
  pages={360--369},
  year={2016},
  organization={IEEE}
}

@inproceedings{robbes2012developers,
	title={How do developers react to {API} deprecation?: the case of a smalltalk ecosystem},
	author={Robbes, Romain and Lungu, Mircea and R{\"o}thlisberger, David},
	booktitle={Proceedings of the ACM SIGSOFT 20th International Symposium on the Foundations of Software Engineering (FSE)},
	pages={56},
	year={2012},
	organization={ACM}
}

@inproceedings{sawant2016reaction,
	title={On the reaction to deprecation of 25,357 clients of 4+ 1 popular {Java APIs}},
	author={Sawant, Anand Ashok and Robbes, Romain and Bacchelli, Alberto},
	booktitle={IEEE International Conference on Software Maintenance and Evolution (ICSME)},
	pages={400--410},
	year={2016},
	organization={IEEE}
}

@inproceedings{glassman2018visualizing,
  title={Visualizing {API} usage examples at scale},
  author={Glassman, Elena L and Zhang, Tianyi and Hartmann, Bj{\"o}rn and Kim, Miryung},
  booktitle={Proceedings of the 2018 CHI Conference on Human Factors in Computing Systems},
  pages={580},
  year={2018},
  organization={ACM}
}

@inproceedings{henkel2005catchup,
  title={CatchUp! Capturing and replaying refactorings to support {API} evolution},
  author={Henkel, Johannes and Diwan, Amer},
  booktitle={ICSE},
  pages={274--283},
  year={2005},
  organization={IEEE}
}

@inproceedings{sawant2018features,
  title={Why are features deprecated? An investigation into the motivation behind deprecation},
  author={Sawant, Anand Ashok and Huang, Guangzhe and Vilen, Gabriel and Stojkovski, Stefan and Bacchelli, Alberto},
  booktitle={International Conference on Software Maintenance and Evolution (ICSME)},
  pages={13--24},
  year={2018},
  organization={IEEE}
}

@inproceedings{hou2011exploring,
  title={Exploring the intent behind {API} evolution: A case study},
  author={Hou, Daqing and Yao, Xiaojia},
  booktitle={Working Conference on Reverse Engineering (WCRE)},
  pages={131--140},
  year={2011},
  organization={IEEE}
}

@article{sawant2018reaction,
  title={On the reaction to deprecation of clients of 4+ 1 popular {Java APIs} and the {JDK}},
  author={Sawant, Anand Ashok and Robbes, Romain and Bacchelli, Alberto},
  journal={Empirical Software Engineering (EMSE)},
  volume={23},
  number={4},
  pages={2158--2197},
  year={2018},
  publisher={Springer}
}

@inproceedings{schafer2008mining,
  title={Mining framework usage changes from instantiation code},
  author={Sch{\"a}fer, Thorsten and Jonas, Jan and Mezini, Mira},
  booktitle={ICSE},
  pages={471--480},
  year={2008},
  organization={ACM}
}

@inproceedings{zhong2010mining,
  title={Mining {API} mapping for language migration},
  author={Zhong, Hao and Thummalapenta, Suresh and Xie, Tao and Zhang, Lu and Wang, Qing},
  booktitle={ICSE},
  pages={195--204},
  year={2010},
  organization={ACM}
}

@inproceedings{nguyen2010graph,
 author = {Nguyen, Hoan Anh and Nguyen, Tung Thanh and Wilson,Jr., Gary and Nguyen, Anh Tuan and Kim, Miryung and Nguyen, Tien N.},
 title = {A Graph-based Approach to {API} Usage Adaptation},
 booktitle = {OOPSLA},
 year = {2010},
 pages = {302--321},
 publisher = {ACM}
}

@inproceedings{nguyen2014statistical,
  title={Statistical learning approach for mining {API} usage mappings for code migration},
  author={Nguyen, Anh Tuan and Nguyen, Hoan Anh and Nguyen, Tung Thanh and Nguyen, Tien N},
  booktitle={ICSE},
  pages={457--468},
  year={2014},
  organization={ACM}
}

@inproceedings{hora2015apiwave,
  title={apiwave: Keeping track of {API} popularity and migration},
  author={Hora, Andre and Valente, Marco Tulio},
  booktitle={International Conference on Software Maintenance and Evolution (ICSME)},
  pages={321--323},
  year={2015},
  organization={IEEE}
}

@article{xing2007api,
  title={{API}-evolution support with Diff-CatchUp},
  author={Xing, Zhenchang and Stroulia, Eleni},
  journal={Transactions on Software Engineering (TSE)},
  volume={33},
  number={12},
  pages={818--836},
  year={2007},
  publisher={IEEE}
}

@inproceedings{nita2010using,
  title={Using twinning to adapt programs to alternative {APIs}},
  author={Nita, Marius and Notkin, David},
  booktitle={ICSE},
  volume={1},
  pages={205--214},
  year={2010},
  organization={IEEE}
}

@inproceedings{dagenais2009semdiff,
  title={SemDiff: Analysis and recommendation support for {API} evolution},
  author={Dagenais, Barthelemy and Robillard, Martin P},
  booktitle={ICSE},
  pages={599--602},
  year={2009},
  organization={IEEE Computer Society}
}

@inproceedings{xu2005jungloid,
  title={Jungloid mining: Helping to navigate the {API} jungle},
  author={Mandelin, David and Xu, Lin and Bod{\i}k, Rastislav and Kimelman, Doug},
  booktitle={Programming language design and implementation (POPL)},
  year={2005},
  organization={ACM}
}

@inproceedings{mechtaev2018semantic,
  title={Semantic program repair using a reference implementation},
  author={Mechtaev, Sergey and Nguyen, Manh-Dung and Noller, Yannic and Grunske, Lars and Roychoudhury, Abhik},
  booktitle={ICSE},
  pages={129--139},
  year={2018},
  organization={ACM}
}

@inproceedings{d2016qlose,
  title={Qlose: Program repair with quantitative objectives},
  author={D’Antoni, Loris and Samanta, Roopsha and Singh, Rishabh},
  booktitle={International Conference on Computer Aided Verification (CAV)},
  pages={383--401},
  year={2016},
  organization={Springer}
}

@article{martinez2017automatic,
  title={Automatic repair of real bugs in {Java}: A large-scale experiment on the defects4j dataset},
  author={Martinez, Matias and Durieux, Thomas and Sommerard, Romain and Xuan, Jifeng and Monperrus, Martin},
  journal={Empirical Software Engineering (EMSE)},
  volume={22},
  number={4},
  pages={1936--1964},
  year={2017},
  publisher={Springer}
}

@inproceedings{xiong2018identifying,
  title={Identifying patch correctness in test-based program repair},
  author={Xiong, Yingfei and Liu, Xinyuan and Zeng, Muhan and Zhang, Lu and Huang, Gang},
  booktitle={ICSE},
  pages={789--799},
  year={2018},
  organization={ACM}
}

@inproceedings{qi2015analysis,
  title={An analysis of patch plausibility and correctness for generate-and-validate patch generation systems},
  author={Qi, Zichao and Long, Fan and Achour, Sara and Rinard, Martin},
  booktitle={ISSTA},
  pages={24--36},
  year={2015},
  organization={ACM}
}

@misc{aospmirror,
  title = {Mirror of {Android} Open Source Repository in GitHub},
  howpublished = {\url{https://github.com/aosp-mirror/platformframeworksbase}},
  note = {Accessed: 2019-04-08}
}

@misc{aosp,
  title = {Android Open Source Repository},
  howpublished = {\url{https://android.googlesource.com/platform/frameworks/base/}},
  note = {Accessed: 2019-04-08}
}

@misc{fdroid,
  title = {F-Droid},
  howpublished = {\url{https://f-droid.org/}},
  note = {Accessed: 2019-04-08}
}

@misc{gsamples,
  title = {Google Samples},
  howpublished = {\url{https://developer.android.com/samples}},
  note = {Accessed: 2019-04-08}
}

@misc{androidpie,
  title = {Android Pie},
  howpublished = {\url{https://www.android.com/versions/pie-9-0/}},
  note = {Accessed: 2019-04-08}
}



@inproceedings{Buse:2008:MSR:1390630.1390647,
 author = {Buse, Raymond P.L. and Weimer, Westley R.},
 title = {A Metric for Software Readability},
 booktitle = {Proceedings of the 2008 International Symposium on Software Testing and Analysis},
 series = {ISSTA '08},
 year = {2008},
 isbn = {978-1-60558-050-0},
 location = {Seattle, WA, USA},
 pages = {121--130},
 numpages = {10},
 url = {http://doi.acm.org/10.1145/1390630.1390647},
 doi = {10.1145/1390630.1390647},
 acmid = {1390647},
 publisher = {ACM},
 address = {New York, NY, USA},
 keywords = {FindBugs, code metrics, machine learning, program understanding, software maintenance, software readability},
}

@article{Chen:2017:CLP:3042021.3042046,
 author = {Chen, Boyuan and (Jack) Jiang, Zhen Ming},
 title = {Characterizing Logging Practices in {Java}-based Open Source Software Projects --- a Replication Study in Apache Software Foundation},
 journal = {Empirical Softw. Engg.},
 issue_date = {February  2017},
 volume = {22},
 number = {1},
 month = feb,
 year = {2017},
 issn = {1382-3256},
 pages = {330--374},
 numpages = {45},
 url = {https://doi.org/10.1007/s10664-016-9429-5},
 doi = {10.1007/s10664-016-9429-5},
 acmid = {3042046},
 publisher = {Kluwer Academic Publishers},
 address = {Hingham, MA, USA},
 keywords = {Empirical study, Log messages, Logging code, MSR, Mining software engineering data, Replication},
}

@inproceedings{Yuan:2012:CLP:2337223.2337236,
 author = {Yuan, Ding and Park, Soyeon and Zhou, Yuanyuan},
 title = {Characterizing Logging Practices in Open-source Software},
 booktitle = {ICSE},
 year = {2012},
 isbn = {978-1-4673-1067-3},
 location = {Zurich, Switzerland},
 pages = {102--112},
 numpages = {11},
 url = {http://dl.acm.org/citation.cfm?id=2337223.2337236},
 acmid = {2337236},
 publisher = {IEEE Press}
}

@inproceedings{Greiler:2015:COS:2820518.2820522,
 author = {Greiler, Michaela and Herzig, Kim and Czerwonka, Jacek},
 title = {Code Ownership and Software Quality: A Replication Study},
 booktitle = {Proceedings of the 12th Working Conference on Mining Software Repositories},
 series = {MSR '15},
 year = {2015},
 isbn = {978-0-7695-5594-2},
 location = {Florence, Italy},
 pages = {2--12},
 numpages = {11},
 url = {http://dl.acm.org/citation.cfm?id=2820518.2820522},
 acmid = {2820522},
 publisher = {IEEE Press},
 keywords = {code ownership, empirical software engineering, software quality},
}

 BibTeX | EndNote | ACM Ref

@article{Akbarinasaji:2018:PBT:3174380.3174639,
 author = {Akbarinasaji, Shirin and Caglayan, Bora and Bener, Ayse},
 title = {Predicting Bug-fixing Time},
 journal = {J. Syst. Softw.},
 issue_date = {February 2018},
 volume = {136},
 number = {C},
 month = feb,
 year = {2018},
 issn = {0164-1212},
 pages = {173--186},
 numpages = {14},
 url = {https://doi.org/10.1016/j.jss.2017.02.021},
 doi = {10.1016/j.jss.2017.02.021},
 acmid = {3174639},
 publisher = {Elsevier Science Inc.},
 address = {New York, NY, USA},
 keywords = {Bug fixing time, Deferred bugs, Effort estimation, Replication study, Software maintainability},
}


@article{Dinh-Trong:2005:FPR:1079843.1080069,
 author = {Dinh-Trong, Trung T. and Bieman, James M.},
 title = {The FreeBSD Project: A Replication Case Study of Open Source Development},
 journal = {IEEE Trans. Softw. Eng.},
 issue_date = {June 2005},
 volume = {31},
 number = {6},
 month = jun,
 year = {2005},
 issn = {0098-5589},
 pages = {481--494},
 numpages = {14},
 url = {https://doi.org/10.1109/TSE.2005.73},
 doi = {10.1109/TSE.2005.73},
 acmid = {1080069},
 publisher = {IEEE Press},
 keywords = {FreeBSD., Index Terms- Software engineering process, code ownership, defect density, maintainability, maintenance process, measurement, open source software, process measurement, qualitative process analysis, reliability, testing and debugging},
}
@inproceedings{howdopython,
author = {Orrù, Matteo and Tempero, Ewan and Marchesi, Michele and Tonelli, Roberto},
year = {2015},
month = dec,
booktitle = {Asia-Pacific Software Engineering Conference (APSEC)},
title = {How Do {Python} Programs Use Inheritance? A Replication Study},
doi = {10.1109/APSEC.2015.51}
}

@inproceedings{Bird:2011:DTM:2025113.2025119,
 author = {Bird, Christian and Nagappan, Nachiappan and Murphy, Brendan and Gall, Harald and Devanbu, Premkumar},
 title = {Don'T Touch My Code!: Examining the Effects of Ownership on Software Quality},
 booktitle = {ESEC/FSE},
 year = {2011},
 isbn = {978-1-4503-0443-6},
 location = {Szeged, Hungary},
 pages = {4--14},
 numpages = {11},
 url = {http://doi.acm.org/10.1145/2025113.2025119},
 doi = {10.1145/2025113.2025119},
 acmid = {2025119},
 publisher = {ACM},
 address = {New York, NY, USA},
 keywords = {emprical software engineering, expertise, ownership, quality},
}

@article{Mockus:2002:TCS:567793.567795,
 author = {Mockus, Audris and Fielding, Roy T. and Herbsleb, James D.},
 title = {Two Case Studies of Open Source Software Development: Apache and Mozilla},
 journal = {ACM Trans. Softw. Eng. Methodol.},
 issue_date = {July 2002},
 volume = {11},
 number = {3},
 month = jul,
 year = {2002},
 issn = {1049-331X},
 pages = {309--346},
 numpages = {38},
 url = {http://doi.acm.org/10.1145/567793.567795},
 doi = {10.1145/567793.567795},
 acmid = {567795},
 publisher = {ACM},
 address = {New York, NY, USA},
 keywords = {Apache, Mozilla, Open source software, code ownership, defect density, repair interval},
}


@inproceedings{Visser:2001:SLP:647200.718711,
 author = {Visser, Eelco},
 title = {Stratego: A Language for Program Transformation Based on Rewriting Strategies},
 booktitle = {Proceedings of the 12th International Conference on Rewriting Techniques and Applications},
 series = {RTA '01},
 year = {2001},
 isbn = {3-540-42117-3},
 pages = {357--362},
 numpages = {6},
 url = {http://dl.acm.org/citation.cfm?id=647200.718711},
 acmid = {718711},
 publisher = {Springer-Verlag},
}

@inproceedings{Meng:2013:LLA:2486788.2486855,
 author = {Meng, Na and Kim, Miryung and McKinley, Kathryn S.},
 title = {LASE: Locating and Applying Systematic Edits by Learning from Examples},
 booktitle = {ICSE},
 year = {2013},
 isbn = {978-1-4673-3076-3},
 location = {San Francisco, CA, USA},
 pages = {502--511},
 numpages = {10},
 url = {http://dl.acm.org/citation.cfm?id=2486788.2486855},
 acmid = {2486855},
 publisher = {IEEE Press},
}

@inproceedings{Rolim:2017:LSP:3097368.3097417,
 author = {Rolim, Reudismam and Soares, Gustavo and D'Antoni, Loris and Polozov, Oleksandr and Gulwani, Sumit and Gheyi, Rohit and Suzuki, Ryo and Hartmann, Bj\"{o}rn},
 title = {Learning Syntactic Program Transformations from Examples},
 booktitle = {ICSE},
 year = {2017},
 isbn = {978-1-5386-3868-2},
 location = {Buenos Aires, Argentina},
 pages = {404--415},
 numpages = {12},
 url = {https://doi.org/10.1109/ICSE.2017.44},
 doi = {10.1109/ICSE.2017.44},
 acmid = {3097417},
 publisher = {IEEE Press},
 keywords = {program synthesis, program transformation, refactoring, tutoring systems},
}

@inproceedings{Long:2017:AIC:3106237.3106253,
 author = {Long, Fan and Amidon, Peter and Rinard, Martin},
 title = {Automatic Inference of Code Transforms for Patch Generation},
 booktitle = {ESEC/FSE},
 year = {2017},
 isbn = {978-1-4503-5105-8},
 location = {Paderborn, Germany},
 pages = {727--739},
 numpages = {13},
 url = {http://doi.acm.org/10.1145/3106237.3106253},
 doi = {10.1145/3106237.3106253},
 acmid = {3106253},
 publisher = {ACM},
 keywords = {Code transform, Patch Generation, Search space inference},
}


@inproceedings{Bavishi:2019:PAD:3338906.3338952,
 author = {Bavishi, Rohan and Yoshida, Hiroaki and Prasad, Mukul R.},
 title = {Phoenix: Automated Data-driven Synthesis of Repairs for Static Analysis Violations},
 booktitle = {ESEC/FSE},
 year = {2019},
 isbn = {978-1-4503-5572-8},
 location = {Tallinn, Estonia},
 pages = {613--624},
 numpages = {12},
 url = {http://doi.acm.org/10.1145/3338906.3338952},
 doi = {10.1145/3338906.3338952},
 acmid = {3338952},
 publisher = {ACM},
 address = {New York, NY, USA},
 keywords = {program repair, program synthesis, programming-by-example, static analysis},
}

@inproceedings{Andersen:2012:SPI:2351676.2351753,
 author = {Andersen, Jesper and Nguyen, Anh Cuong and Lo, David and Lawall, Julia L. and Khoo, Siau-Cheng},
 title = {Semantic Patch Inference},
 booktitle = {Proceedings of the 27th IEEE/ACM International Conference on Automated Software Engineering},
 series = {ASE 2012},
 year = {2012},
 isbn = {978-1-4503-1204-2},
 location = {Essen, Germany},
 pages = {382--385},
 numpages = {4},
 url = {http://doi.acm.org/10.1145/2351676.2351753},
 doi = {10.1145/2351676.2351753},
 acmid = {2351753},
 publisher = {ACM},
 address = {New York, NY, USA},
 keywords = {Software evolution, collateral evolution, semantic patch},
}

@InProceedings{10.1007/978-3-540-87875-9_13,
author="Robbes, Romain
and Lanza, Michele",
editor="Czarnecki, Krzysztof
and Ober, Ileana
and Bruel, Jean-Michel
and Uhl, Axel
and V{\"o}lter, Markus",
title="Example-Based Program Transformation",
booktitle="Model Driven Engineering Languages and Systems",
year="2008",
publisher="Springer Berlin Heidelberg",
pages="174--188",
abstract="Software changes. During their life cycle, software systems experience a wide spectrum of changes, from minor modifications to major architectural shifts. Small-scale changes are usually performed with text editing and refactorings, while large-scale transformations require dedicated program transformation languages. For medium-scale transformations, both approaches have disadvantages. Manual modifications may require a myriad of similar yet not identical edits, leading to errors and omissions, while program transformation languages have a steep learning curve, and thus only pay off for large-scale transformations.",
isbn="978-3-540-87875-9"
}

@inproceedings{Lee:2013:DRI:2486788.2486792,
 author = {Lee, Yun Young and Chen, Nicholas and Johnson, Ralph E.},
 title = {Drag-and-drop Refactoring: Intuitive and Efficient Program Transformation},
 booktitle = {ICSE '13},
 year = {2013},
 isbn = {978-1-4673-3076-3},
 location = {San Francisco, CA, USA},
 pages = {23--32},
 numpages = {10},
 url = {http://dl.acm.org/citation.cfm?id=2486788.2486792},
 acmid = {2486792},
 publisher = {IEEE Press},
}

@inproceedings{Nguyen:2019:GMI:3339505.3339608,
 author = {Nguyen, Hoan Anh and Nguyen, Tien N. and Dig, Danny and Nguyen, Son and Tran, Hieu and Hilton, Michael},
 title = {Graph-based Mining of In-the-wild, Fine-grained, Semantic Code Change Patterns},
 booktitle = {ICSE '19},
 year = {2019},
 location = {Montreal, Quebec, Canada},
 pages = {819--830},
 numpages = {12},
 url = {https://doi.org/10.1109/ICSE.2019.00089},
 doi = {10.1109/ICSE.2019.00089},
 acmid = {3339608},
 publisher = {IEEE Press},
 keywords = {graph mining, semantic change pattern mining},
}

@inproceedings{allamanis2015suggesting,
	title={Suggesting accurate method and class names},
	author={Allamanis, Miltiadis and Barr, Earl T and Bird, Christian and Sutton, Charles},
	booktitle={Proceedings of the 2015 10th Joint Meeting on Foundations of Software Engineering},
	pages={38--49},
	year={2015},
	organization={ACM}
}

@book{dragon,
 author = {Alfred V. Aho and Sethi Ravi and Jeffrey D. Ullman},
 title = {Compilers, principles, techniques, and tools},
 publisher = {Addison-Wesley Pub. Co.},
 address = {Reading, Mass.},
 year = 1986
}

@inproceedings{Namjoshi:SAS18,
  author    = {Kedar S. Namjoshi and
               Zvonimir Pavlinovic},
  title     = {The Impact of Program Transformations on Static Program Analysis},
  booktitle = {Static Analysis - 25th International Symposium (SAS)},
  pages     = {306--325},
  year      = {2018},
  series    = {Lecture Notes in Computer Science},
  volume    = {11002},
  publisher = {Springer}
}

@book{Jones:PE,
  author = {N.D. Jones and C.K. Gomard and and P. Sestoft},
  title = {Partial Evaluation and Automatic Program Generation},
  publisher = {Prentice Hall International},
  year = 1993
}

@article{Rolim:arxiv,
  author    = {Reudismam Rolim and
               Gustavo Soares and
               Rohit Gheyi and
               Loris D'Antoni},
  title     = {Learning Quick Fixes from Code Repositories},
  journal   = {CoRR},
  volume    = {abs/1803.03806},
  year      = {2018},
  url       = {http://arxiv.org/abs/1803.03806},
  archivePrefix = {arXiv},
  eprint    = {1803.03806},
  timestamp = {Tue, 17 Sep 2019 14:15:11 +0200},
  biburl    = {https://dblp.org/rec/bib/journals/corr/abs-1803-03806},
  bibsource = {dblp computer science bibliography, https://dblp.org}
}